<record xmlns="http://www.loc.gov/MARC21/slim" xmlns:xsi="http://www.w3.org/2001/XMLSchema-instance" xsi:schemaLocation="http://www.loc.gov/MARC21/slim http://www.loc.gov/standards/marcxml/schema/MARC21slim.xsd"><leader>00037nz   2200037n  4500</leader><controlfield tag="001">DNB|100731554</controlfield><controlfield tag="003">DNB</controlfield><controlfield tag="005">19960808122005.0</controlfield><controlfield tag="008">900616|||az|nnaa|||||||||||| a|aaa|||| d</controlfield><datafield ind1="7" ind2=" " tag="016"><subfield code="a">100731554</subfield><subfield code="2">GyFmDB</subfield></datafield><datafield ind1=" " ind2=" " tag="040"><subfield code="a">0000</subfield><subfield code="b">ger</subfield><subfield code="d">9999</subfield><subfield code="f">RAK-PND</subfield></datafield><datafield ind1="2" ind2=" " tag="045"><subfield code="b">dca. 484</subfield><subfield code="b">d ca. 401 v. Chr.</subfield></datafield><datafield ind1="0" ind2=" " tag="100"><subfield code="a">Achaeus,</subfield><subfield code="c">Eretriensis</subfield><subfield code="d">ca. 484 - ca. 401 v. Chr.</subfield></datafield><datafield ind1="0" ind2=" " tag="400"><subfield code="a">Achaios,</subfield><subfield code="c">von Eretria</subfield><subfield code="d">ca. 484 - ca. 401 v. Chr.</subfield></datafield><datafield ind1="0" ind2=" " tag="400"><subfield code="a">Achaios,</subfield><subfield code="c">Tragiker</subfield><subfield code="d">ca. 484 - ca. 401 v. Chr.</subfield></datafield><datafield ind1="0" ind2=" " tag="400"><subfield code="a">Achaios,</subfield><subfield code="c">Sohn des Pythodoros</subfield><subfield code="d">ca. 484 - ca. 401 v. Chr.</subfield></datafield><datafield ind1="0" ind2=" " tag="400"><subfield code="a">Achaeus,</subfield><subfield code="c">Tragicus</subfield><subfield code="d">ca. 484 - ca. 401 v. Chr.</subfield></datafield><datafield ind1="0" ind2=" " tag="400"><subfield code="a">Acheo,</subfield><subfield code="c">di Eretria</subfield><subfield code="d">ca. 484 - ca. 401 v. Chr.</subfield></datafield><datafield ind1="0" ind2=" " tag="400"><subfield code="a">Acheo,</subfield><subfield code="c">Poeta Tragico</subfield><subfield code="d">ca. 484 - ca. 401 v. Chr.</subfield></datafield><datafield ind1=" " ind2=" " tag="500"><subfield code="t">Achaeus &lt;Eretriensis&gt;: Quae supersunt. - 1834</subfield></datafield><datafield ind1=" " ind2=" " tag="500"><subfield code="t">Achaeus &lt;Eretriensis&gt;: Fragmenta. - 1832</subfield></datafield><datafield ind1=" " ind2=" " tag="910"><subfield code="a">fragmenta tragoediarum</subfield><subfield code="9">1</subfield></datafield><datafield ind1=" " ind2=" " tag="910"><subfield code="a">achaei eretriensis quae supersunt collecta et illustrata dissertatio</subfield><subfield code="9">1</subfield></datafield><datafield ind1=" " ind2=" " tag="911"><subfield code="a">quae supersunt collecta et illustrata</subfield><subfield code="9">1</subfield></datafield><datafield ind1=" " ind2=" " tag="921"><subfield code="a">neusserus</subfield><subfield code="9">1</subfield></datafield><datafield ind1=" " ind2=" " tag="922"><subfield code="a">gw</subfield><subfield code="9">2</subfield></datafield><datafield ind1=" " ind2=" " tag="940"><subfield code="a">ger</subfield><subfield code="9">2</subfield></datafield><datafield ind1=" " ind2=" " tag="943"><subfield code="a">162x</subfield><subfield code="9">1</subfield></datafield><datafield ind1=" " ind2=" " tag="943"><subfield code="a">183x</subfield><subfield code="9">2</subfield></datafield><datafield ind1=" " ind2=" " tag="944"><subfield code="a">am</subfield><subfield code="9">2</subfield></datafield><datafield ind1=" " ind2=" " tag="950"><subfield code="a">urlichs ludwig von</subfield><subfield code="9">1</subfield></datafield><datafield ind1=" " ind2=" " tag="950"><subfield code="a">achaeus eretriensis</subfield><subfield code="9">1</subfield></datafield><datafield ind1=" " ind2=" " tag="999"><subfield code="a">BVB|BV004379184</subfield></datafield><datafield ind1=" " ind2=" " tag="999"><subfield code="a">BVB|BV001769236</subfield></datafield></record>